@article{Parnas_1999,
  title     = {Software engineering programs are not computer science programs},
  volume    = {16},
  url       = {http://ieeexplore.ieee.org/lpdocs/epic03/wrapper.htm?arnumber=805469},
  number    = {6},
  journal   = {IEEE Software},
  publisher = {J. C. Baltzer AG, Science Publishers},
  author    = {David Lorge Parnas},
  year      = {1999},
  pages     = {19--30}
}

@unpublished{Jenkins_2011,
  title = {Embedded Hardware Design For Autonomous Electric Vehicle},
  url = {https://raw.github.com/team-ramrod/mariokart/Documentation/ScientificReport/Henry/report.pdf},
  author = {Henry Vaughan Jenkins},
  year = {2011}
}
