@unpublished{Looman_2011,
  title = {Software Engineering Practices in the Mariokart System},
  url = {https://raw.github.com/team-ramrod/mariokart/master/Documentation/ScientificReport/Wim/report.pdf},
  author = {William George Looman},
  year = {2011}
}

@unpublished{Jenkins_2011,
  title = {Embedded Hardware Design For Autonomous Electric Vehicle},
  url = {https://raw.github.com/team-ramrod/mariokart/master/Documentation/ScientificReport/Henry/report.pdf},
  author = {Henry Vaughan Jenkins},
  year = {2011}
}

@unpublished{Taylor_2011,
  title = {Development of a Marker Tracking System for use in the Mariokart System},
  url = {https://raw.github.com/team-ramrod/mariokart/master/Documentation/ScientificReport/Zac/report.pdf},
  author = {Zachary Taylor},
  year = {2011}
}

@unpublished{Richards_2011,
  title = {Safety by Design for the Mariokart System},
  url = {https://raw.github.com/team-ramrod/mariokart/master/Documentation/ScientificReport/Simon/report.pdf},
  author = {Simon Richards},
  year = {2011}
}

@misc{Udey_2008,
  url = {http://stackoverflow.com/questions/132520/good-excuses-not-to-use-version-control/135002\#135002},
  author = {\href{http://stackoverflow.com/users/21450/dan-udey}{Dan Udey}},
  year = {2008}
}

@misc{ci-joe,
  url = {https://github.com/defunkt/cijoe},
  author = "Tom {Preston-Werner (\href{https://github.com/defunkt}{defunkt})}",
  year = {2011},
  title = "{CI Joe Readme}"
}

@misc{Fowler_2006,
  url = {http://www.martinfowler.com/articles/continuousIntegration.html},
  author = {Martin Fowler},
  year = {2006},
  month = {May},
  title = {Continuous Integration}
}

@article{Shepard:2001:MTT:376134.376180,
 author = {Shepard, Terry and Lamb, Margaret and Kelly, Diane},
 title = {More testing should be taught},
 journal = {Commun. ACM},
 volume = {44},
 issue = {6},
 month = {June},
 year = {2001},
 issn = {0001-0782},
 pages = {103--108},
 numpages = {6},
 url = {http://doi.acm.org/10.1145/376134.376180},
 doi = {http://doi.acm.org/10.1145/376134.376180},
 acmid = {376180},
 publisher = {ACM},
 address = {New York, NY, USA},
}


@book{vanVliet:2000:SEP:352372,
 author = {van Vliet, Hans},
 title = {Software engineering (2nd ed.): principles and practice},
 year = {2000},
 isbn = {0-471-97508-7},
 publisher = {John Wiley \& Sons, Inc.},
 address = {New York, NY, USA},
}

@article{Glassy:2006:UVC:1089182.1089195,
 author = {Glassy, Louis},
 title = {Using version control to observe student software development processes},
 journal = {J. Comput. Small Coll.},
 issue_date = {February 2006},
 volume = {21},
 issue = {3},
 month = {February},
 year = {2006},
 issn = {1937-4771},
 pages = {99--106},
 numpages = {8},
 url = {http://dl.acm.org/citation.cfm?id=1089182.1089195},
 acmid = {1089195},
 publisher = {Consortium for Computing Sciences in Colleges},
 address = {USA},
}

@inproceedings{Gurbani:2005:CSO:1083258.1083264,
 author = {Gurbani, Vijay K. and Garvert, Anita and Herbsleb, James D.},
 title = {A case study of open source tools and practices in a commercial setting},
 booktitle = {Proceedings of the fifth workshop on Open source software engineering},
 series = {5-WOSSE},
 year = {2005},
 isbn = {1-59593-127-9},
 location = {St. Louis, Missouri},
 pages = {1--6},
 numpages = {6},
 url = {http://doi.acm.org/10.1145/1082983.1083264},
 doi = {http://doi.acm.org/10.1145/1082983.1083264},
 acmid = {1083264},
 publisher = {ACM},
 address = {New York, NY, USA},
 keywords = {architecture, open source, session initiation protocol, software development},
}

@inproceedings{Muller:2001:CSE:381473.381536,
 author = {M\"{u}ller, Matthias M. and Tichy, Walter F.},
 title = {Case study: extreme programming in a university environment},
 booktitle = {Proceedings of the 23rd International Conference on Software Engineering},
 series = {ICSE '01},
 year = {2001},
 isbn = {0-7695-1050-7},
 location = {Toronto, Ontario, Canada},
 pages = {537--544},
 numpages = {8},
 url = {http://dl.acm.org/citation.cfm?id=381473.381536},
 acmid = {381536},
 publisher = {IEEE Computer Society},
 address = {Washington, DC, USA},
}

@Article{ Holck,
  author = {Jesper Holck and Niels Jørgensen},
  title = {Continuous Integration and Quality Assurance: a case study of two open source projects},
  journal = {Australasian Journal of Information Systems},
  year = 2003,
  volume = {11},
  url = {http://journals.sfu.ca/acs/index.php/ajis/article/view/145/125},
  number = {1},
}

@misc{whygitisbetterthanx,
  url = {http://whygitisbetterthanx.com/},
  author = {\href{http://github.com/schacon}{Scott Chacon}},
  year = {2008},
  note = {Used under permission of MIT license}
}

@article{Parnas_1999,
  title     = {Software engineering programs are not computer science programs},
  volume    = {16},
  url       = {http://ieeexplore.ieee.org/lpdocs/epic03/wrapper.htm?arnumber=805469},
  number    = {6},
  journal   = {IEEE Software},
  publisher = {J. C. Baltzer AG, Science Publishers},
  author    = {David Lorge Parnas},
  year      = {1999},
  pages     = {19--30}
}

@INPROCEEDINGS{hsv,
    author = {Shamik Sural and Gang Qian and Sakti Pramanik},
    title = {Segmentation and Histogram Generation Using the HSV Color Space for Image Retrieval},
    booktitle = {in International Conference on Image Processing (ICIP). 2002: p. 589-592. VIIth Digital Image Computing: Techniques and Applications, Sun C., Talbot H., Ourselin},
    year = {2002},
    pages = {589--592}
}

@article{camshift, 
	title={Improved Object Tracking With Camshift Algorithm}, 
	volume={2}, 			 
	url={http://ieeexplore.ieee.org/lpdocs/epic03/wrapper.htm?arnumber=1660428}, 
	journal={2006 IEEE International Conference on Acoustics Speed and Signal Processing Proceedings}, 
	publisher={Ieee},
	author={Nouar, O D and Ali, G and Raphael, C}, 
	year={2006}, 
	pages={657--660}
}

@article{chessboard, 
	title={Automatic Chessboard Detection for Intrinsic and Extrinsic Camera Parameter Calibration},
	volume={10}, 
	url={http://www.mdpi.com/1424-8220/10/3/2027/}, 
	number={3}, 
	journal={Sensors (Peterboroug}, 
	author={De La Escalera, Arturo and Armingol, Jose María}, year={2010}, 
	pages={2027--2044}
}

@article{augmented, 
	title={Augmented reality implementation methods in mainstream applications}, 
	volume={LIX}, 
	number={4}, 
	journal={Acta Universitatis Agriculturae et Silviculturae Mendelianae Brunensis}, 
	publisher={Mendel University in Brno}, 
	author={Procházka, David and Koubek, Tomáš}, 
	year={2011}, 
	pages={257--266}
}

@Unpublished{cosc428,
	author = {Richard Green},
	title = {COSC428 Lectures},
	note = {Registration lecture, University of Canterbury},
}

@article{surf, 
	title={SURF: Speeded Up Robust Features}, 
	volume={3951}, 
	url={http://eprints.pascal-network.org/archive/00002183/}, 
	number={3}, 
	journal={Computer Vision–ECCV 2006}, 
	publisher={Springer}, 
	author={Bay, Herbert and Tuytelaars, Tinne and Van Gool, Luc and Van Gool, Luc}, 
	year={2006}, 
	pages={404–417}
}

@article{model, 
	title={Random sample consensus: a paradigm for model fitting with applications to image analysis and automated cartography}, 
	volume={24}, 
	url={http://portal.acm.org/citation.cfm?doid=358669.358692}, 
	number={6}, 
	journal={Communications of the ACM}, publisher={ACM}, 
	author={Fischler, M A and Bolles, R C}, 
	year={1981}, 
	pages={381--395}
}

@article{rf, 
	title={SpotON: An indoor 3D location sensing technology based on RF signal strength}, 
	volume={2000-02-02}, 
	url={http://seattle.intel-research.net/people/hightower/pubs/hightower2000indoor/hightower2000indoor.pdf}, 	 
	number={2000-02-02}, 
	journal={Communications}, 
	publisher={Citeseer}, 
	author={Hightower, Jeffrey and Want, R and Borriello, Gaetano}, year={2000}, 
	pages={1--16}
}

@article{cali, 
	title={AUTOMATIC CALIBRATION OF DIGITAL CAMERAS USING PLANAR CHESS-BOARD PATTERNS}, 
	url={http://citeseerx.ist.psu.edu/viewdoc/download?doi=10.1.1.78.4664&rep=rep1&type=pdf}, 
	journal={Camera}, publisher={Citeseer}, 
	author={Douskos, V and Kalisperakis, I and Karras, G}, 
	year={2006}, 
	pages={132--140}
}

@inbook{path, 
	title={Manipulating B-Spline based paths for obstacle avoidance in autonomous ground vehicles}, 
	url={http://users.soe.ucsc.edu/~elkaim/Documents/SplineNTM07.pdf}, 
	booktitle={ION National Technical Meeting ION NTM}, 
	author={Connors, John and Elkaim, Gabriel Hugh}, 
	year={2007}, 
	pages={22–24}
}

@inbook{laser, 
	title={A Scanning Laser Rangefinder for a Robotic Vehicle}, 
	volume={2}, 
	url={http://adsabs.harvard.edu/abs/1977STIN...7722467L}, 
	booktitle={Proceedings of the 5th International Joint Conference on Artificial Intelligence}, 
	author={Lewis, R A and Johnston, A R}, 
	year={1977}, pages={762--768}
}

@article{kinect, 
	title={Kinect Identity: Technology and Experience}, 
	volume={44}, 
	url={http://ieeexplore.ieee.org/xpls/abs_all.jsp?arnumber=5742015}, 
	number={4}, 
	journal={Computer}, publisher={IEEE}, 
	author={Leyvand, T}, 
	year={2011}, 
	pages={94--96}
}

@inbook{detect, 
	title={Color snakes for dynamic lighting conditions on mobile manipulation platforms}, 
	volume={2}, 
	url={http://ieeexplore.ieee.org/ielx5/8832/27959/01248820.pdf?tp=&arnumber=1248820&isnumber=27959}, 	
	booktitle={Intelligent Robots and Systems 2003 IROS 2003 Proceedings 2003 IEEERSJ International Conference on}, 
	author={Schaub, H and Smith, C E}, 
	year={2003}, 
	pages={1272--1277}
}

@article{haar_like, 
	title={An extended set of Haar-like features for rapid object detection}, 
	volume={1}, 
	url={http://ieeexplore.ieee.org/lpdocs/epic03/wrapper.htm?arnumber=1038171}, 
	number={2002}, 
	journal={Proceedings International Conference on Image Processing}, 
	publisher={Ieee}, author={Lienhart, R and Maydt, J}, 
	year={2002}, 
	pages={I--900-I-903}
}

@article{ransac, 
	title={Overview of the RANSAC Algorithm}, 
	volume={4}, 
	url={http://www.cs.yorku.ca/~kosta/CompVis_Notes/ransac.pdf}, 
	journal={Image Rochester NY}, author={Derpanis, Konstantinos G}, 
	year={2010}, 
	pages={2--3}
}

@article{opencv, 
	title={The OpenCV Library}, 
	volume={25}, 
	url={http://opencv.willowgarage.com}, 
	number={11}, 
	journal={Dr Dobbs Journal of Software Tools}, 
	publisher={M AND T PUBLISHING INC}, 
	author={Bradski, G}, 
	year={2000}, 
	pages={120--126}
}
@manual{ata666,
    title={ATA6660, High-speed Can Transceiver},
    organization={Atmel Corporation},
    address={2325 Orchard Parkway San Jose, CA 95131 USA},
    edition={4582E},
    month={February},
    year={2008}
}
@manual{ti-motor-driver,
    title={DRV8412 Dual Full Bridge PWM Motor Driver},
    organization={Texas Instruments},
    address={Dallas, Texas, USA},
    edition={C},
    month={May},
    year={2010}
}
@manual{ti-can-trans,
    title={SN65HVD232 3.3-V CAN Transceivers},
    organization={Texas Instruments},
    address={Dallas, Texas, USA},
    edition={K},
    month={February},
    year={2011}
}
@manual{boschCAN,
    title={CAN Specification, Version 2.0},
    organization={Robert Bosch GmbH},
    address={Postfach 30 02 40, D-70442 Stuttgart},
    month={Sept},
    year={1991}
}
@manual{MAX3001E,
    title={MAX3001E +1.2V to +5.5V, ±15kV ESD-Protected, 0.1μA, 35Mbps, 8-Channel Level Translators},
    organization={Maxim Integrated Products},
    address={120 San Gabriel Drive, Sunnyvale, CA, USA},
    edition={4},
    month={December},
    year={2006}
}
@manual{TPS7A4901,
    title={TPS7A4901 +36V, +150mA, Ultralow-Noise, Positive Linear Regulator},
    organization={Texas Instruments},
    address={Dallas, Texas, USA},
    edition={B},
    month={Jan},
    year={2010}
}
@manual{go-kart,
    title={Junoir Sport JS80IIR Owners Manual},
    organization={Junoir Sport},
}
@ONLINE{encoder,
    author = "{National Instruments}",
    title = {Using Quadrature Encoders with E Series DAQ Boards},
    month = October,
    year = {2011},
    url = {http://zone.ni.com/devzone/cda/tut/p/id/4623#toc1}
}
@ONLINE{LIN,
    author = "{LIN Administration}",
    title = {LIN Specification},
    month = October,
    year = {2011},
    url = {http://www.lin-subbus.org/index.php?pid=9\&lang=en\&sid=62a662e7da7a4e8efed2e436985bd028}
}
@ONLINE{altium,
    author = "{Altium Limited}",
    title = {Altium Live},
    month = October,
    year = {2011},
    url = {http://live.altium.com/#software}
}
@ONLINE{bosch,
    author = "{Robert Bosch GmbH}",
    title = {Bosch Worldwide},
    month = October,
    year = {2011},
    url = {http://www.bosch.com}
}
@ONLINE{advancedCircuits,
    author = "{Advanced Circuits Limited}",
    title = {PCB Manufacture and Assembly},
    month = October,
    year = {2011},
    url = {http://4pcb.com/}
}
@ONLINE{ISOCAN,
    author = "{OurPCB Tech Limited}",
    title = {ISO 11898-1:2003 - Road vehicles -- Controller area network (CAN) -- Part 1: Data link layer and physical signalling},
    month = October,
    year = {2011},
    url = {http://www.iso.org/iso/iso_catalogue/catalogue_tc/catalogue_detail.htm?csnumber=33422}
}
@ONLINE{ourPCB,
    author = "{OurPCB Tech Limited}",
    title = {PCB Manufacturing | PCB Assembling \& Components Procurement Service},
    month = October,
    year = {2011},
    url = {http://ourpcb.com/}
}
@ONLINE{spinroot,
    title = {Spin - Formal Verification},
    month = July,
    year = {2011},
    url = {http://www.spinroot.com/}
}
@ONLINE{PicoBlade,
    author = "{Molex Limited}",
    title = {PicoBlade 1.25mm (.049) Pitch Connector System - Molex},
    month = October,
    year = {2011},
    url = {http://www.molex.com/molex/products/family?key=picoblade&channel=products&chanName=family&pageTitle=Introduction}
}

@misc{J1939,
  url = {http://www.sae.org/standardsdev/groundvehicle/j1939.htm},
  author = {SAE},
  year = {2011}
}

@misc{ISO31000,
  url = {http://www.iso.org/iso/catalogue_detail.htm?csnumber=43170},
  author = {ISO},
  year = {2009}
}

@article{cox,
  title={What's wrong with risk matrices?},
  author={Cox Jr, A.T. and others},
  journal={Risk Analysis},
  volume={28},
  number={2},
  pages={497--512},
  year={2008},
  publisher={Wiley Online Library}
}
