
@unpublished{Jenkins_2011,
  title = {Embedded Hardware Design For Autonomous Electric Vehicle},
  url = {https://raw.github.com/team-ramrod/mariokart/master/Documentation/ScientificReport/Henry/report.pdf},
  author = {Henry Vaughan Jenkins},
  year = {2011}
}
