@misc{yeah,
  title = {Some book about nothing},
  author = {Important, Nobody and Else, No-one}
}

@misc{lol,
  title = {Another book about nothing},
  author = {Important, Some-one Not Quite and Guy, Some Other}
}
