@Article{tla,
author 	= "Gat, E",
title		= "On Three-Layer Architectures",
journal	= " Artificial Intelligence and Mobile Robot",
year		= "1998"
}

@article{fault_tolerant,
author="Isermann  R.",
title="Fault-tolerant drive-by-wire systems",
journal="IEEE Control Systems Magazine",
year="2002",
URL="http://ci.nii.ac.jp/naid/80015568056/en/"
}