@Article{tla,
author 	= "Gat, E",
title		= "On Three-Layer Architectures",
journal	= " Artificial Intelligence and Mobile Robot",
year		= "1998"
}